1434 2444
253 82 280 112 aa
297 78 450 111 monrnmrn‘rn.
646 64 675 109 31

31 161 64 191 rer
80 134 115 205 (i)
131 145 215 190 assidue
231 144 252 187 et
262 139 344 198 publice
352 139 494 196 praedicarem
503 139 581 183 fratres
593 140 676 184 nostros

30 208 73 257 non
88 227 133 257 esse
147 211 259 266 lugendos,
276 209 411 253 accersitione
426 207 536 251 Donrinica
551 208 576 251 de
594 207 677 251 saeculo

31 281 146 333 liberatos,
163 291 228 333 quum
242 278 332 320 sciamus
347 288 390 319 non
406 287 440 317 eos
457 274 539 328 amitti,
556 275 594 317 sed
612 288 672 329 prae·

31 348 100 399 mitti3
116 345 236 389 recedentes
251 343 381 397 praecedere,
391 341 414 383 nt
427 341 589 394 proficiscentes
600 343 624 383 ut
633 354 671 384 ne-

32 414 129 468 vigantes
145 411 224 463 solent3
242 409 356 470 desiderari
371 419 406 450 eos
422 407 510 460 debere,
527 420 570 450 nen
584 408 671 462 plangi3

31 493 69 522 nee
86 478 217 532 accipiendas
233 489 278 519 esse
293 475 328 517 hic
344 475 401 532 atras
415 474 491 526 vestes,
508 474 592 528 quando
602 473 634 516 nn
643 474 674 517 ihi

30 545 153 587 indumenta
169 543 218 585 alba
232 542 275 584 iam
291 539 429 594 sumpserint3
441 540 571 588 ssessionem
581 540 674 582 dandam

30 622 73 651 non
88 622 137 651 esse·
151 608 272 661 gentilibus,
287 608 313 648 ut
326 618 364 656 nos
381 604 455 647 merite
466 618 491 647 ao
500 605 545 647 iure
559 605 670 659 reprehen-

31 674 49 715 (1Δ
58 674 90 727 nt,
106 673 169 727 qued,
185 685 236 727 qnos
252 673 320 715 rivere
336 671 393 725 apud
407 669 480 712 Deum
491 671 586 724 dicimus⁷
599 672 623 713 ut
639 684 673 713 er-

31 740 108 785 tinctos
124 742 145 784 et
156 741 250 796 perditos
265 740 383 796 lugeamus,
394 740 415 781 et
426 736 496 792 fidem,
508 751 571 794 quam
582 750 675 782 sermone

31 810 52 852 et
67 822 116 853 voce
128 809 273 864 depromunus,
289 808 357 852 cordis
368 810 390 852 et
400 809 490 865 pectoris
501 806 622 851 testimonio
633 820 676 851 non
688 832 690 836 ·

31 876 147 929 probemus.
171 876 219 930 Spei
234 876 319 918 nestrae
336 889 360 919 ae
381 876 431 921 fidei
445 874 625 932 praevaricatores
644 874 677 930 (2)

32 955 116 995 sumns;
133 942 246 996 sunniata,
262 942 326 995 ficta⁷
342 942 428 997 fucata,
446 942 544 986 ridentur
560 954 605 984 esse
622 954 676 996 qnae

32 1008 126 1051 dieunns.
142 1008 202 1051 Nihil
217 1008 303 1062 prodest
317 1009 386 1052 verbis
401 1009 506 1063 praeferre
521 1008 636 1061 uirtutem,
655 1009 676 1051 et

32 1074 96 1116 factis
112 1075 218 1117 destruere
229 1075 350 1121 ueritatem.
373 1125 374 1128 Ἴ

62 1140 120 1182 XXI.
133 1140 233 1193 Increpat
244 1139 332 1193 demque
344 1142 451 1194 apostolus
459 1141 539 1184 Paulos
548 1141 569 1183 et
578 1141 677 1194 obiurgat

33 1206 54 1246 et
70 1205 154 1259 culpat,
171 1206 190 1248 si
206 1206 242 1259 qui
264 1206 414 1248 contristentur
429 1202 452 1249 in
468 1219 554 1249 excessu
577 1219 675 1249 suorum:

32 1270 159 1323 Nolanam,
175 1271 257 1325 inquit,
273 1271 380 1324 carcerare
395 1285 446 1325 eoa,
464 1272 561 1325 fratres,
578 1272 603 1315 de
627 1267 679 1314 dor-⁴

32 1336 158 1388 ordientibus,
174 1339 201 1378 ot
209 1350 257 1378 oceo
272 1338 433 1380 contristaretur
446 1338 507 1380 >aieret
516 1341 536 1381 ct
546 1339 626 1381 coeteri
636 1338 676 1391 quei

32 1414 92 1454 spere
102 1409 149 1443 noc
160 1401 247 1445 lrodeet.
256 1401 282 1445 Si
293 1402 353 1445 codiee
364 1403 473 1446 eredimus
481 1403 537 1457 persae
545 1404 609 1447 [esces
617 1412 674 1447 orer-

33 1470 85 1510 taea
96 1469 128 1511 eat
138 1470 158 1511 et
173 1468 300 1523 resarcierit,
311 1469 343 1513 sic
357 1472 376 1513 et
392 1471 453 1515 Deua
469 1485 510 1525 coe,
527 1471 566 1525 qut
582 1471 675 1516 dormie-

32 1537 89 1576 rent
96 1534 191 1589 irascere,
201 1535 295 1579 cruciaret
304 1536 357 1579 ecoe
365 1530 408 1580 'ello
425 1538 528 1593 (IThess.
541 1551 570 1592 rr,
584 1538 675 1595 13,14).

32 1600 74 1642 Eos
91 1601 211 1644 contristari
226 1602 277 1645 dicit
292 1603 315 1645 in
334 1616 425 1647 euoessu>
440 1618 539 1658 snorum,
553 1606 597 1660 ‚qui
618 1619 676 1661 spem
711 1615 714 1618 ⁴

33 1678 75 1709 non
90 1667 177 1711 habent.
201 1668 242 1720 oui
260 1670 330 1711 autern
345 1683 382 1723 spe
397 1670 502 1725 vivimus,
524 1672 545 1714 et
565 1672 589 1715 in
608 1673 675 1715 Deum

33 1733 143 1787 credimus,
160 1735 181 1777 et
197 1735 308 1778 Christumv
318 1749 404 1790 passum
421 1750 467 1792 esse
482 1750 520 1791 pre
535 1739 596 1782 nobis
612 1741 633 1782 et
642 1753 674 1783 re-

33 1800 148 1843 surrexisse
164 1801 301 1855 confidimus,
318 1803 340 1845 in
357 1803 439 1846 Christo
455 1806 576 1859 manentes,
598 1807 619 1848 et
638 1819 676 1860 per

57 1992 214 2035 (licorrtesterer.
228 1998 262 2031 Pro
274 2008 294 2032 eo
307 2000 352 2041 qnod
364 2000 397 2040 est,
413 2003 499 2042 desererer,
511 2003 619 2044 profiterer.
631 2003 675 2037 Corr-

33 2039 101 2072 testare
112 2042 182 2083 proprie
195 2044 223 2075 est
234 2047 298 2077 testere
310 2046 411 2088 crprprellure.

57 2085 81 2129 [2)
94 2085 241 2121 Praese-oete·
253 2090 387 2131 significateum
394 2093 449 2135 quiin
457 2094 552 2128 contrariis
560 2095 618 2129 causis
626 2097 675 2137 quasi

34 2133 81 2167 varie
93 2133 130 2176 ipse
142 2134 210 2183 pesitus
227 2136 298 2171 videtur
315 2137 378 2181 [Cicer.
390 2140 453 2184 partit.
468 2141 493 2185 6).
507 2155 529 2167 -·-
541 2141 676 2177 Praerarioator

33 2181 93 2214 autem
105 2181 133 2215 est
145 2183 194 2224 quasi
206 2184 300 2226 runcatur,
314 2186 344 2227 qui
356 2186 443 2222 diversam
455 2189 524 2232 partem
537 2190 609 2226 eoiuvae
618 2216 622 2231 ,
632 2201 674 2236 pro·

34 2228 72 2264 dite
84 2238 136 2266 causa
148 2239 179 2264 sna
192 2230 240 2277 (Uip.
253 2240 280 2274 111,
294 2232 324 2267 tit.
338 2233 363 2278 2),
