1434 2444
237 93 264 125 ro
281 89 437 123 narrururrnuur.
629 75 657 121 43

19 174 79 215 777777,
96 160 139 205 cM
140 160 178 204 777
178 175 238 204 7777
223 161 323 221 77777777
278 161 355 203 777777777
340 173 436 212 77777777
452 162 568 209 7777777777
559 162 659 212 777777777

20 228 171 281 7777777777777777
188 231 208 270 77
222 241 289 282 7777777
304 228 397 278 77777777,
414 229 466 268 7777
449 239 544 279 77777777)
533 226 589 267 7777777
555 239 618 277 7777,
641 227 661 266 77

4 310 83 350 7777777·
100 297 213 348 7777777777,
230 299 250 338 77
264 307 438 348 superposuero
460 296 480 335 77
499 306 564 345 7777777
586 307 629 335 77777
623 305 660 334 7777

12 364 105 408 ,totores
115 376 195 405 777777
196 376 226 405 7777
242 376 286 405 77777
288 376 317 404 7777
334 362 401 417 (ugg.
417 373 431 412 7,
449 360 479 415 9).
493 361 547 403 Item
557 360 661 413 prophet

20 430 74 477 alius
89 429 165 484 repetit
185 429 218 484 (1)
238 429 340 472 otdicit·
362 428 413 471 777·
388 427 526 481 7777777777
507 439 573 480 7777777·
589 438 645 468 77777
646 439 661 466 77

20 497 136 551 7777777777,
153 499 253 551 7777777777·
269 496 341 539 77777777
360 441 512 548 7777777Ρ7777777777,
532 493 592 536 Pars
611 505 660 535 7777777

20 564 156 617 777777777777777
172 563 212 618 (2),
229 566 250 606 77
260 574 323 618 777777,
340 574 490 616 superponere
508 573 555 602 77777
566 560 659 614 pluero,

21 631 103 682 77777777.
120 629 151 671 Et
171 630 364 684 777777777777777777·
383 628 440 671 7777777
459 631 479 671 77
498 631 541 670 tres
562 627 660 670 7777777777

20 695 46 737 777
60 709 132 738 777777777
148 694 259 738 ciuitatem
269 695 384 748 potandae
400 707 472 747 77777777
487 706 563 746 77777777,
575 706 614 735 nec
625 704 659 734 777-

21 761 125 805 777777777777
102 765 152 812 7777,Ι
168 764 188 805 77
202 776 249 805 77777
265 761 421 805 7777777777777777
437 760 466 803 7777
481 773 528 813 7777,
545 760 600 802 dicit
614 760 659 801 Do·

20 842 96 871 narrans
79 830 193 884 ls.(llrnos
209 840 265 882 777
255 829 299 883 7.)

16 941 17 945 Ἰ
50 896 88 939 IV.
104 895 232 949 Indignatur
253 908 300 939 ecce
322 896 438 948 Dominus,
463 896 483 938 et
505 894 618 946 irascitur⁷
640 894 661 935 et

21 962 77 1015 quod
92 962 119 1003 ad
135 974 181 1004 eum
195 974 238 1005 non
253 961 408 1014 convertamini,
430 961 578 1004 comminatur:
596 961 616 1003 et
636 960 660 1001 tu

21 1028 103 1070 miraris
119 1029 156 1070 aut
172 1029 263 1082 quereris
273 1029 296 1070 iu
306 1029 346 1071 hac
357 1028 497 1071 obstinatione
508 1028 529 1070 et
540 1027 661 1081 contemptu

21 1096 96 1148 restro,
113 1095 132 1138 si
148 1108 197 1137 rara
208 1096 295 1150 desuper
305 1095 377 1149 pluvia
392 1095 511 1148 descendat,
522 1094 541 1137 si
551 1095 607 1136 terra
618 1094 661 1136 situ

21 1162 113 1215 pulueris
129 1162 232 1216 squaleat,
249 1163 268 1205 si
282 1162 317 1204 vir
332 1162 413 1205 ieiunas
434 1162 455 1204 et
472 1161 564 1216 pallidas
584 1161 661 1203 herbas

22 1228 98 1270 sterilis
115 1229 178 1283 gleba
197 1230 313 1283 producat,
330 1229 349 1271 si
363 1229 447 1272 vineam
466 1227 560 1281 debilitet
581 1227 662 1281 grando

21 1295 117 1348 caedens,
134 1295 151 1338 si
167 1295 234 1338 oleam
250 1297 358 1339 detruncet
373 1295 433 1338 turbo
444 1295 574 1348 subvertens,
586 1295 605 1337 si
615 1294 660 1337 lon-

20 1362 63 1403 tcnr
78 1362 163 1404 siccitas
179 1364 261 1414 statuat
272 1363 325 1417 (3),
342 1367 410 1405 aerem
430 1362 532 1416 pestilens
548 1374 600 1404 aura
616 1374 659 1404 cor-

21 1429 117 1480 rumpat,
132 1428 236 1470 homiaem
258 1428 352 1470 morbida
372 1428 470 1471 ualetudo
487 1428 519 1483 (4)
537 1428 660 1483 consumat3

21 1506 68 1535 cunr
83 1494 153 1536 onnia
167 1493 210 1536 ista
224 1494 316 1548 peccatis
331 1495 494 1549 provocantibus
516 1495 618 1548 veniant,
640 1495 661 1536 et

20 1559 68 1613 plus
85 1560 217 1603 exacerbetur
238 1561 309 1614 Deus,
326 1561 409 1616 quando
425 1562 479 1604 nihil
494 1561 547 1605 talia
563 1563 584 1604 et
598 1562 661 1604 tauta

20 1626 146 1680 proficiant?
161 1627 217 1670 Fieri
232 1627 287 1670 enirn
301 1627 345 1670 ista
359 1628 393 1673 vel
409 1629 437 1670 ad
455 1628 589 1684 disciplinam
611 1641 659 1671 con·

20 1693 147 1747 cumanum,
170 1694 204 1737 rel
225 1695 285 1737 ado
271 1706 360 1748 poenam
382 1695 499 1751 malorum
524 1694 644 1738 declarat
638 1707 661 1736 777

44 1884 69 1926 (1)
81 1883 155 1927 repetit.
142 1883 202 1917 tPro
215 1893 235 1917 eo
247 1884 293 1926 quod
305 1884 361 1918 ost't
345 1896 352 1918 7
354 1888 416 1919 7777777
428 1885 464 1920 Cic.
473 1895 487 1927 7
496 1885 568 1920 Donat
577 1885 660 1925 Deorum

21 1938 59 1971 cap.
73 1929 93 1962 7:
109 1930 236 1971 (777777777777-7777,
251 1895 316 1972 17777777,
329 1932 368 1966 77777
383 1933 480 1966 7777777777777
496 1934 529 1973 777,
542 1935 603 1976 repete
616 1942 662 1976 7777777

20 1985 112 2018 corporcis.
125 1977 242 2019 Repetunt·
234 1978 303 2021 77777777.

44 2022 69 2065 (2)
81 2023 202 2065 77777777777777
218 2023 304 2068 Complura
316 2024 363 2058 idem
372 2035 392 2060 ac
396 2025 450 2069 777777.
460 2026 600 2060 Passivotanren
609 2035 661 2060 seusu

15 2078 60 2102 ,raro
72 2069 174 2112 usurpatum
186 2070 244 2103 rideo.

44 2114 68 2158 (3)
80 2118 158 2148 7777777777.
172 2115 254 2150 Statuero
266 2126 297 2159 pro
310 2126 329 2151 co
342 2128 375 2160 quo
388 2119 416 2152 est
428 2119 605 2161 777777777777777777777,
619 2118 661 2152 7777-

20 2161 69 2203 dere,
82 2162 155 2202 sistere,
164 2162 229 2196 videsis
242 2163 288 2206 aput]
299 2164 417 2207 Propertium,
431 2175 456 2206 77,
470 2166 514 2208 cleg.
528 2166 549 2200 9:
563 2169 581 2198 77
592 2165 662 2198 statuit

20 2209 78 2251 7777777
90 2210 152 2252 fossus
164 2210 232 2252 etipse
245 2210 302 2243 dores.

44 2256 69 2300 (4)
82 2256 173 2290 7777777777.
187 2256 202 2290 Α
214 2257 283 2291 litoreo.
295 2276 317 2281 —-
334 2257 428 2292 Volotndo.
438 2259 507 2293 Vidcsis
520 2269 572 2301 supra
581 2269 619 2301 cap.
628 2258 661 2293 ΠΙ.
