1434 2444
250 96 278 126 nn
294 95 451 136 nauannmnvu.
643 86 671 128 49

31 166 133 219 quaedam
148 165 169 206 ot
184 165 278 207 monstra
293 164 425 216 uenermtm,
441 160 481 206 tihi
496 163 601 217 placeant,
615 165 672 207 solus

10 254 13 259 ·
30 230 181 286 displicetDei
196 230 269 272 cultor.
284 230 376 271 Fumant
384 230 466 283 *ubique
487 230 510 272 in
529 229 613 283 templis
635 244 669 272 ue·

31 299 83 344 stris
95 297 210 340 hostiarum
227 296 290 338 busta
307 295 347 350 (1),
364 298 384 338 et
399 296 447 350 rogi
461 308 573 349 poenorum,
590 298 611 338 et
631 297 670 338 Dei

31 364 107 407 altaria
121 363 155 406 uel
170 362 229 405 nulla
244 364 300 416 sunt,
318 362 352 405 vel
370 362 458 406 occulta.
482 362 583 405 Crocodili
599 363 632 418 (2)
650 365 670 405 et

31 423 165 485 cynocephali
181 430 201 472 et
216 429 304 482 lapides,
314 430 334 471 et
350 430 456 482 serpentes
468 443 481 471 a
496 428 555 471 vobis
566 429 669 481 coluntur,

31 499 51 540 ot
66 497 123 538 Deus
139 495 195 539 solus
210 495 305 538 interris
321 495 415 538 autnon
431 494 512 547 colion,
529 495 624 544 autnon
641 496 673 536 est

30 565 114 617 impune
131 562 446 617 quodcelitur(3).1nnoxios,
462 561 536 614 iustos,
552 562 596 603 Deo
613 573 672 603 caros

32 631 90 671 domo
105 629 183 682 privas,
198 628 323 681 patrimonio
340 628 425 680 spolias,
434 628 514 670 eatenis
529 627 613 680 premis,
626 640 670 669 ear·-

32 709 77 738 oore
92 693 189 746 includis,
204 693 286 746 hestiis,
303 693 380 747 gladio,
396 693 482 747 ignibus
492 693 562 746 punis.
573 695 618 736 Nec
629 693 671 735 sal-

31 764 74 804 tem
89 760 199 804 contentus
215 773 239 808 es
254 759 286 815 (4)
304 760 397 803 dolorum
416 760 534 802 nostrorum
550 759 673 813 compendio

32 830 52 871 et
68 827 157 881 simplici
173 840 197 869 ac
214 826 278 869 veloci
295 826 398 868 lareritate
422 839 550 879 poenarum;
575 827 673 868 admoves

31 894 136 937 laniandis
153 893 271 947 corporibus
287 893 353 947 longa
367 890 478 946 tormenta
497 892 624 947 multiplices
640 892 671 935 la-

24 961 127 1004 cerandis
142 960 256 1002 uisceribus
279 971 390 1001 nmneresa
406 958 523 1012 supplicia,
539 972 578 1002 nec
599 958 673 1001 feritas

33 1029 94 1080 atque
105 1026 230 1068 immanitas
245 1026 283 1067 tua
300 1025 385 1068 usitatis
408 1026 480 1079 petest
490 1026 603 1072 contenta
627 1038 673 1067 osse

32 1092 152 1144 tormontis3
169 1092 275 1146 excogitat
297 1104 363 1134 novas
378 1086 457 1146 poenas
472 1091 584 1146 ingeniosa
600 1091 673 1134 crude-

32 1161 88 1202 litas.
105 1160 161 1210 Quae
177 1158 230 1201 haec
245 1159 277 1200 est
292 1158 420 1200 insatiabilis
436 1158 569 1200 carnificinae
585 1157 674 1200 rabios?

32 1227 89 1278 Quae
104 1213 236 1279 inexplebilis
251 1224 316 1267 libido
333 1224 449 1267 saevitiae?
465 1224 520 1276 (laun
535 1224 605 1278 potius
620 1224 674 1278 elige

56 1366 80 1408 (l)
93 1365 201 1399 hostiarium
216 1364 276 1397 busco.
290 1364 310 1397 ld
323 1363 362 1403 ost,
376 1364 481 1397 hostiorum
500 1363 634 1398 coraibustlones
648 1362 672 1399 rel

32 1414 83 1455 ipscm
95 1413 165 1444 hostiae
177 1411 285 1444 corribustoc.
524 1446 525 1449 Ἴ

56 1458 80 1501 (2)
94 1457 191 1498 Oroccdilc,
200 1460 218 1490 ct
225 1456 341 1500 cynocephali
349 1458 366 1488 et
375 1457 446 1500 ciphos
454 1459 472 1489 ct
479 1460 579 1501 scopentem
589 1458 669 1491 Monstra

33 1506 107 1538 Deorum
120 1503 246 1546 Aegyptiorum
255 1502 376 1544 praefuerint,
385 1503 468 1546 explieat.
477 1504 561 1539 Crocodili
570 1505 628 1538 autem
637 1515 672 1539 nie-

33 1551 85 1584 ininit
98 1550 171 1584 Tertull,
185 1551 195 1582 2
208 1549 269 1583 centra
281 1550 394 1590 Marcionem,
402 1551 421 1583 et
434 1550 554 1593 Cynocephali,
568 1552 587 1585 id
599 1552 633 1591 est,
645 1561 673 1584 ca-

33 1598 71 1631 nini
83 1597 146 1640 eapitis
158 1596 197 1636 Dei,
210 1597 230 1629 in
242 1595 293 1638 Apol.
306 1596 317 1629 2
329 1596 377 1630 haud
388 1597 448 1639 procul
460 1598 482 1631 ab
490 1598 549 1631 initio.
558 1598 584 1632 De
592 1598 673 1632 omnibus

33 1645 92 1677 autern
104 1644 132 1676 his
140 1643 166 1676 ita
175 1641 295 1684 Athenagoras
304 1643 355 1685 Apol.
364 1653 395 1685 pro
406 1643 521 1677 Christianis:
531 1644 620 1688 Acppptc'c'
628 1645 674 1686 feles

33 1692 89 1723 cte'orn
102 1693 119 1723 ct
131 1690 230 1723 crocodilos
242 1692 259 1722 et
271 1692 364 1733 seipcntcs
376 1693 394 1723 ct
405 1690 480 1733 ospidcs
490 1693 507 1723 ct
520 1701 574 1724 cctczcs
582 1702 620 1735 pro
628 1691 673 1724 Diis

33 1737 138 1770 haliciae.....
146 1736 201 1777 Atqui
214 1736 329 1779 Cynoceplrali
341 1736 398 1777 figura
411 1738 500 1770 colebatur
512 1738 533 1770 ab
545 1737 639 1780 Aegyptiis
653 1737 674 1771 l-

32 1784 91 1824 nntis,
100 1783 174 1818 Osiridis
187 1783 233 1824 regis
245 1782 298 1823 filius,
313 1792 332 1816 eo
346 1784 391 1824 quod
403 1784 469 1817 talihus
478 1784 578 1825 insignitus
586 1785 673 1824 uteretur,

33 1830 105 1864 undeet
116 1829 189 1863 Aeneid.
204 1830 221 1869 S,
230 1829 302 1863 uocatur
309 1839 320 1862 a
326 1830 400 1871 Virgilio
406 1830 498 1863 Lotrotor·
504 1830 585 1865 nicrinus.
593 1831 675 1874 Quodque

33 1877 155 1919 turpissimum
167 1877 200 1917 est,
214 1876 292 1910 testatur
304 1876 392 1910 llinutius
408 1878 461 1911 Felix
479 1878 498 1910 iri
517 1877 601 1918 Octauio,
621 1878 675 1911 etiam

33 1923 120 1964 crepitum
132 1923 200 1956 ventris
212 1923 234 1956 ab
246 1923 282 1956 illis
294 1933 326 1966 pro
337 1924 373 1957 Deo
385 1924 465 1957 habitum
479 1924 557 1966 [lacobus
572 1924 674 1967 PanreliusJ.

56 1967 81 2010 (3)
94 1978 131 2000 oron
143 1971 171 2001 cst
183 1970 258 2012 ilipulae
271 1970 319 2013 quod
330 1971 404 2003 colitur.
418 1970 455 2004 Hoc
464 1971 497 2011 ost,
511 1981 548 2003 aion
560 1972 629 2008 colitur
641 1972 674 2003 'irci-

29 2024 87 2094 {mufic
100 2014 175 2048 Romani
187 2016 236 2056 tnnc,
246 2016 298 2049 Decio
306 2017 411 2059 imperante,
421 2026 471 2051 suere
481 2017 590 2053 Christianos
599 2018 675 2052 insecta-

37 2071 65 2094 Jau
76 2071 103 2094 ur.

56 2107 80 2150 [4]
93 2107 130 2141 Nec
141 2107 205 2140 saltem
219 2110 313 2142 coiztcntris
322 2119 347 2142 cs.
361 2109 407 2144 Hinc
415 2111 466 2153 patet
474 2112 528 2145 fuisse
541 2112 674 2146 niniati-uuum

32 2154 101 2188 Africae
113 2153 209 2197 praesidem
222 2154 259 2187 sire
266 2156 392 2198 proconsulem,
403 2158 433 2199 qui
442 2157 551 2192 Christianos
560 2159 675 2202 persequendi

32 2200 130 2244 accepisset
141 2200 254 2243 potesta-tem.
267 2201 351 2235 Imitatur
363 2204 423 2237 autem
434 2204 471 2238 fero
484 2205 506 2238 ad
518 2206 591 2239 verbum
599 2204 674 2238 Tertull.

32 2249 72 2281 tum
85 2248 104 2281 in
116 2248 188 2291 Aporog.
202 2248 240 2281 tum
252 2248 275 2281 ad
287 2248 379 2292 Scapulam
392 2251 502 2296 (Pumelius).
563 2285 566 2288 .

71 2333 88 2364 S.
102 2333 187 2376 Cronium.
199 2334 221 2364 Dc
232 2335 331 2370 horruerint
343 2344 380 2368 ecc..
401 2367 402 2370 ,
627 2339 637 2372 t
