1434 2444
53 67 80 114 26
272 77 299 113 nr
314 75 465 112 nournnrra.

51 152 139 203 riantur,
155 152 194 193 hoc
205 154 237 194 est
245 152 305 194 multi
315 165 340 193 ex
350 151 427 194 nostris
439 151 463 194 de
472 149 554 193 saeculo
564 146 687 192 liberantur.

50 217 168 258 Mortalitas
183 216 239 267 ista,
263 217 287 257 ut
307 217 392 258 Iudaeis
415 218 437 258 et
460 216 594 269 gentibuset
610 214 689 256 Christi

49 280 143 327 hostibus
158 281 223 338 pestis
240 281 278 337 est,
293 281 325 325 ita
340 281 379 326 Dei
394 280 459 326 seruis
476 279 574 325 salutaris
588 291 686 325 excessus

51 351 89 391 est.
106 349 152 391 Hoc
168 350 223 402 quod
238 349 279 403 (1),
296 349 340 391 sine
356 350 399 391 ullo
416 349 534 391 discrimine
550 348 633 402 generis
648 348 687 389 hu·

52 413 115 464 mani,
132 426 178 454 cum
193 413 277 455 iniustis
292 414 407 454 moriuntur
423 415 443 454 et
457 414 515 465 iusti,
531 426 574 455 non
589 413 688 469 estquod

52 480 131 534 putatis
146 479 244 524 bonis-ot
258 479 319 523 malis
334 478 442 524 interitum
452 492 497 524 esse
512 491 649 523 communem:
661 478 689 531 ad

52 546 182 598 refrigerium
196 547 248 588 iusti
261 548 376 599 uocantur,
393 548 420 587 ad
435 546 558 600 supplicium
576 546 688 599 rapiuntur

51 609 134 663 iniusti3
151 612 213 652 datur
227 611 317 652 uelocius
333 604 400 653 tutela
416 611 448 666 (2)
465 611 587 663 fidentibus,
603 610 688 663 perfidis

50 690 124 730 poena
140 678 254 733 improuidi
269 679 289 722 et
304 678 385 733 ingrati
400 691 485 732 sumus,
500 678 577 722 fratres
596 676 686 721 dilectis·

45 737 104 794 simi,
121 744 149 784 ad
164 744 235 785 divina
249 744 350 786 beneficia
367 743 408 800 (3),
424 757 463 786 neo
479 744 603 796 quidnobis
619 743 687 785 conte-

50 808 109 851 ratur
125 808 264 864 agnoscimus.
282 808 391 852 Excedunt
407 820 453 851 eoce
468 808 491 850 in
505 820 557 864 pace
572 808 630 850 tutae
642 819 688 849 oum

51 876 118 929 gloria
133 889 172 918 sua
186 877 294 930 uirgines,
310 875 412 919 venientis
435 875 562 929 Antichristi
577 868 646 918 minas
667 877 688 919 et

51 941 177 993 corruptelas
193 943 214 983 et
228 941 340 993 lupanaria
354 954 397 983 non
412 942 521 992 timentes;
537 942 596 994 pueri
605 942 686 999 pericu-

49 1004 93 1049 lum
106 1004 199 1050 iubricae
215 1004 291 1050 aetatis
307 1006 404 1061 eradunt,
421 1006 449 1049 ad
464 1005 603 1050 continentiae
625 1006 687 1061 atque

49 1073 183 1116 innocentiae
197 1074 312 1127 praemium
326 1074 414 1117 feliciter
428 1074 563 1127 perveniunt3
583 1075 688 1116 tormenta

48 1137 91 1178 iam
105 1150 148 1179 uon
162 1138 222 1179 timet
237 1138 435 1190 delicatamatrona‚
446 1140 524 1180 metum
533 1139 684 1191 persecutionis

52 1203 72 1247 et
87 1216 162 1248 manus
178 1197 322 1260 cruciatusque
338 1202 448 1259 carnificis,
458 1203 560 1249 moriendi
575 1203 687 1258 celeritate,

50 1271 132 1313 lucrata
148 1271 188 1325 (4).
209 1273 289 1314 Pavore
311 1272 446 1314 mortalitatis
462 1274 483 1314 et
497 1272 596 1325 temporis
615 1285 686 1314 accen-

52 1335 128 1376 duntur
150 1335 230 1388 tepidi,
254 1336 426 1389 constringuntur
450 1326 547 1389 remissi,
571 1333 688 1378 excitantur

51 1401 130 1458 ignari,
147 1402 261 1448 desertores
277 1402 427 1459 compelluntur
441 1404 466 1447 ut
480 1403 578 1458 redeant,
598 1402 687 1459 gentilos

18 1481 20 1483 ·
52 1472 193 1522 coguntur'ut
209 1472 301 1522 credant,
317 1472 380 1513 retus·
391 1471 483 1513 fidelium
492 1470 581 1524 populus
593 1472 620 1512 ad
631 1471 687 1524 quie-

51 1535 93 1575 tern
110 1534 142 1589 (5)
157 1536 257 1588 uocatur,
269 1536 301 1590 ad
317 1535 382 1577 aciem
396 1547 468 1578 recens
484 1538 505 1577 et
520 1535 614 1589 copiosus
631 1548 686 1577 erer-

52 1601 105 1645 oitus
122 1602 153 1657 (6)
170 1602 242 1646 robore
258 1602 341 1647 fortiore
358 1602 478 1659 colligitur,
494 1603 627 1662 pugnaturus
643 1601 688 1646 sine

71 1764 99 1810 (l)
112 1764 150 1800 Hoc
162 1765 215 1811 pared,
229 1765 263 1801 etc.
277 1763 321 1810 Quia
331 1765 396 1802 ridetis
408 1765 464 1802 iustos
475 1775 511 1801 una
523 1775 562 1801 oum
574 1765 646 1801 iniustis
655 1764 688 1802 hac

52 1815 102 1856 peste
113 1814 163 1854 mori,
177 1815 225 1847 vobis
237 1824 272 1847 non
285 1814 312 1848 est
323 1815 420 1857 putandum
434 1815 484 1848 bonis
496 1815 515 1849 et
526 1815 583 1853 malis,
594 1815 628 1849 eto.
705 1819 706 1822 ’

75 1860 99 1901 (2)
112 1860 175 1892 tutelo.
189 1859 374 1902 videsisoap.3:11u
386 1861 420 1893 fida
432 1861 559 1901 tranquillitas,
572 1858 603 1893 illa
615 1861 686 1894 stabilis

52 1904 70 1935 ot
81 1905 132 1936 firma
143 1905 162 1936 et
173 1904 256 1946 perpetua
268 1905 359 1937 securitas.

75 1948 99 1994 (3)
112 1949 136 1983 od
148 1949 212 1984 divino
224 1948 315 1993 beneficio.
329 1948 377 1994 Quod
389 1949 454 1984 attinet
466 1950 488 1984 ad
500 1950 560 1985 divina
571 1950 661 1986 beneficia.

76 1998 100 2042 (4)
113 1998 204 2032 incidendi
215 1999 307 2032 celeritate
319 1998 398 2034 locroto.
405 1999 476 2043 Nempe,
486 2000 502 2034 si
510 2001 559 2044 peste
571 1999 645 2041 decedit,
655 2000 687 2035 hoc

52 2044 135 2084 lucratur,
149 2045 194 2087 quod
205 2046 279 2087 anuplius
291 2054 326 2078 non
333 2046 397 2080 timeat
407 2047 542 2088 persecutiones,
552 2057 614 2090 nrauus
622 2049 641 2080 ot
649 2057 687 2080 cru-

52 2090 108 2121 ciatus
120 2090 212 2122 carnificis.
225 2090 279 2123 Saeve
291 2092 329 2123 tum
340 2092 403 2124 Decius
415 2093 534 2125 insectabatur
546 2092 662 2126 Christianos.

76 2135 100 2176 (5)
113 2134 137 2166 od
149 2135 232 2178 parietem.
245 2135 273 2168 Ad
285 2136 356 2176 coelum,
369 2137 400 2169 nbi
412 2137 484 2169 aeterna
496 2138 551 2179 quies.

75 2181 101 2226 (t)
113 2192 175 2217 recens
187 2185 204 2216 et
216 2182 298 2227 copiosos
311 2183 410 2220 exercitos,
423 2183 494 2220 Etenim
505 2184 582 2230 perutiles
595 2185 687 2228 coponem

53 2232 74 2261 ot
85 2230 166 2264 erodant.
